@ARTICLE{Fishbach2018,
   author = {{Fishbach}, M. and {Gray}, R. and {Maga{\~n}a Hernandez}, I. and 
	{Qi}, H. and {Sur}, A. and {members of the LIGO Scientific Collaboration} and 
	{the Virgo Collaboration}},
    title = "{A standard siren measurement of the Hubble constant from GW170817 without the electromagnetic counterpart}",
  journal = {ArXiv e-prints},
archivePrefix = "arXiv",
   eprint = {1807.05667},
 keywords = {Astrophysics - Cosmology and Nongalactic Astrophysics},
     year = 2018,
    month = jul,
   adsurl = {http://adsabs.harvard.edu/abs/2018arXiv180705667F},
  adsnote = {Provided by the SAO/NASA Astrophysics Data System}
}

@ARTICLE{Mandel2018,
   author = {{Mandel}, I. and {Farr}, W.~M. and {Gair}, J.~R.},
    title = "{Extracting distribution parameters from multiple uncertain observations with selection biases}",
  journal = {ArXiv e-prints},
archivePrefix = "arXiv",
   eprint = {1809.02063},
 primaryClass = "physics.data-an",
 keywords = {Physics - Data Analysis, Statistics and Probability, Astrophysics - High Energy Astrophysical Phenomena},
     year = 2018,
    month = sep,
   adsurl = {http://adsabs.harvard.edu/abs/2018arXiv180902063M},
  adsnote = {Provided by the SAO/NASA Astrophysics Data System}
}

@ARTICLE{Abbott2016RateSupplement,
       author = {{Abbott}, B.~P. and {Abbott}, R. and {Abbott}, T.~D. and {Abernathy},
        M.~R. and {Acernese}, F. and {Ackley}, K. and {Adams}, C. and
        {Adams}, T. and {Addesso}, P. and {Adhikari}, R.~X. and {Adya},
        V.~B. and {Affeldt}, C. and {Agathos}, M. and {Agatsuma}, K. and
        {Aggarwal}, N. and {Aguiar}, O.~D. and {Aiello}, L. and {Ain},
        A. and {Ajith}, P. and {Allen}, B. and {Allocca}, A. and
        {Altin}, P.~A. and {Anderson}, S.~B. and {Anderson}, W.~G. and
        {Arai}, K. and {Araya}, M.~C. and {Arceneaux}, C.~C. and
        {Areeda}, J.~S. and {Arnaud}, N. and {Arun}, K.~G. and
        {Ascenzi}, S. and {Ashton}, G. and {Ast}, M. and {Aston}, S.~M.
        and {Astone}, P. and {Aufmuth}, P. and {Aulbert}, C. and
        others},
        title = "{Supplement: {\textquotedblleft}The Rate of Binary Black Hole Mergers
        Inferred from Advanced LIGO Observations Surrounding
        GW150914{\textquotedblright} (2016, ApJL, 833, L1)}",
      journal = {The Astrophysical Journal Supplement Series},
     keywords = {gravitational waves, stars: black holes, Astrophysics - High Energy
        Astrophysical Phenomena, Astrophysics - Instrumentation and
        Methods for Astrophysics},
         year = 2016,
        month = Dec,
       volume = {227},
          eid = {14},
        pages = {14},
          doi = {10.3847/0067-0049/227/2/14},
 primaryClass = {astro-ph.HE},
       adsurl = {https://ui.adsabs.harvard.edu/#abs/2016ApJS..227...14A},
      adsnote = {Provided by the SAO/NASA Astrophysics Data System}
}

@ARTICLE{Abbott2016Rate,
       author = {{Abbott}, B.~P. and {Abbott}, R. and {Abbott}, T.~D. and {Abernathy},
        M.~R. and {Acernese}, F. and {Ackley}, K. and {Adams}, C. and
        {Adams}, T. and {Addesso}, P. and {Adhikari}, R.~X. and {Adya},
        V.~B. and {Affeldt}, C. and {Agathos}, M. and {Agatsuma}, K. and
        {Aggarwal}, N. and {Aguiar}, O.~D. and {Aiello}, L. and {Ain},
        A. and {Ajith}, P. and {Allen}, B. and {Allocca}, A. and
        {Altin}, P.~A. and {Anderson}, S.~B. and {Anderson}, W.~G. and
        {Arai}, K. and {Araya}, M.~C. and {Arceneaux}, C.~C. and
        {Areeda}, J.~S. and {Arnaud}, N. and {Arun}, K.~G. and
        {Ascenzi}, S. and {Ashton}, G. and {Ast}, M. and {Aston}, S.~M.
        and {Astone}, P. and {Aufmuth}, P. and {Aulbert}, C. and
        others},
        title = "{The Rate of Binary Black Hole Mergers Inferred from Advanced LIGO
        Observations Surrounding GW150914}",
      journal = {\apj},
     keywords = {black holes, gravitational waves, stars: massive, Astrophysics - High
        Energy Astrophysical Phenomena, General Relativity and Quantum
        Cosmology},
         year = 2016,
        month = Dec,
       volume = {833},
          eid = {L1},
        pages = {L1},
          doi = {10.3847/2041-8205/833/1/L1},
 primaryClass = {astro-ph.HE},
       adsurl = {https://ui.adsabs.harvard.edu/#abs/2016ApJ...833L...1A},
      adsnote = {Provided by the SAO/NASA Astrophysics Data System}
}

@ARTICLE{Chen2017,
       author = {{Chen}, Hsin-Yu and {Holz}, Daniel E. and {Miller}, John and {Evans},
        Matthew and {Vitale}, Salvatore and {Creighton}, Jolien},
        title = "{Distance measures in gravitational-wave astrophysics and cosmology}",
      journal = {ArXiv e-prints},
     keywords = {Astrophysics - Cosmology and Nongalactic Astrophysics},
         year = 2017,
        month = Sep,
          eid = {arXiv:1709.08079},
        pages = {arXiv:1709.08079},
archivePrefix = {arXiv},
       eprint = {1709.08079},
 primaryClass = {astro-ph.CO},
       adsurl = {https://ui.adsabs.harvard.edu/#abs/2017arXiv170908079C},
      adsnote = {Provided by the SAO/NASA Astrophysics Data System}
}

@ARTICLE{Singer2016,
       author = {{Singer}, Leo P. and {Chen}, Hsin-Yu and {Holz}, Daniel E. and {Farr},
        Will M. and {Price}, Larry R. and {Raymond}, Vivien and {Cenko},
        S. Bradley and {Gehrels}, Neil and {Cannizzo}, John and
        {Kasliwal}, Mansi M. and {Nissanke}, Samaya and {Coughlin},
        Michael and {Farr}, Ben and {Urban}, Alex L. and {Vitale},
        Salvatore and {Veitch}, John and {Graff}, Philip and {Berry},
        Christopher P.~L. and {Mohapatra}, Satya and {Mandel}, Ilya},
        title = "{Going the Distance: Mapping Host Galaxies of LIGO and Virgo Sources in
        Three Dimensions Using Local Cosmography and Targeted Follow-up}",
      journal = {\apj},
     keywords = {catalogs, galaxies: distances and redshifts, gravitational waves,
        surveys, Astrophysics - High Energy Astrophysical Phenomena,
        General Relativity and Quantum Cosmology},
         year = 2016,
        month = Sep,
       volume = {829},
          eid = {L15},
        pages = {L15},
          doi = {10.3847/2041-8205/829/1/L15},
 primaryClass = {astro-ph.HE},
       adsurl = {https://ui.adsabs.harvard.edu/#abs/2016ApJ...829L..15S},
      adsnote = {Provided by the SAO/NASA Astrophysics Data System}
}

@ARTICLE{Gorski2005,
   author = {{G{\'o}rski}, K.~M. and {Hivon}, E. and {Banday}, A.~J. and 
	{Wandelt}, B.~D. and {Hansen}, F.~K. and {Reinecke}, M. and 
	{Bartelmann}, M.},
    title = "{HEALPix: A Framework for High-Resolution Discretization and Fast Analysis of Data Distributed on the Sphere}",
  journal = {\apj},
   eprint = {astro-ph/0409513},
 keywords = {Cosmology: Cosmic Microwave Background, Cosmology: Observations, Methods: Statistical},
     year = 2005,
    month = apr,
   volume = 622,
    pages = {759-771},
      doi = {10.1086/427976},
   adsurl = {http://adsabs.harvard.edu/abs/2005ApJ...622..759G},
  adsnote = {Provided by the SAO/NASA Astrophysics Data System}
}